@article{WHO_stats,
	Author = {Ferlay J, Ervik M, Lam F, Colombet M, Mery L, Pi√±eros M},
	Month = {2},
	Title = {Global Cancer Observatory: Cancer Today. Lyon: International Agency for Research on Cancer},
	Volume = {72},
	Url = {https://gco.iarc.fr/today},
	Year = {2021}}

@article{caplan2014delay,
	title={Delay in breast cancer: implications for stage at diagnosis and survival},
	author={Caplan, Lee},
	journal={Frontiers in public health},
	volume={2},
	pages={87},
	year={2014},
	publisher={Frontiers}}

@article{CDC,
	title={What is the link between age and breast cancer?},
	author={Lana, Burgess},
	year={2019},
	Month = {7},
	Url = {https://gco.iarc.fr/today}}

@inproceedings{lekamlage2020mini,
	title={Mini-DDSM: Mammography-based automatic age estimation},
	author={Lekamlage, Charitha Dissanayake and Afzal, Fabia and Westerberg, Erik and Cheddad, Abbas},
	booktitle={2020 3rd International Conference on Digital Medicine and Image Processing},
	pages={1--6},
	year={2020}
}

@article{healthline,
	title={How Long Does It Take to Get a Mammogram and Receive the Results?},
	author={The Healthline Editorial Team},
	year={2020},
	Month = {4},
	Url = {https://www.healthline.com/health/how-long-does-a-mammogram-take}}